
@article{chang94,
   author = {W[] Chang and G[] A[] McMechan},
   journal = {Geophysics},
   issue = {04},
   pages = {597-609},
   publisher = {Society of Exploration Geophysics},
   title = {3-D elastic prestack,reverse-time depth migration},
   volume = {59},
   year = {1994}
}
@article{robertsson94,
   author = {J[] O[] Robertsson and J[] O[] Blanch and W[] W[] Symes},
   journal = {Geophysics},
   pages = {1444-1456},
   publisher = {Society of Exploration Geophysics},
   title = {{Viscoelastic finite-difference modeling}},
   volume = {59},
   issue = {9},
   year = {1994}
}
   author = {J[] O[] Robertsson and J[] O[] Blanch and W[] W[] Symes \marginpar{4}},
@article{cheng14,
   author = {J[] Cheng and S[] Fomel},
   journal = {Geophysics},
   issue = {04},
   pages = {C97-C110},
   publisher = {Society of Exploration Geophysics},
   title = {Fast algorithms for elastic-wave-mode separation and vector decomposition using low-rank approximation for anisotropic media},
   volume = {79},
   year = {2014}
}
@article{Sripanich16,
   author = {Y[] Sripanich and S[] Fomel and J[] Sun and J[] Cheng},
   journal = {Geophysical Prospecting},
   pages = {1-15. doi: 10.1111/1365-2478.12482},
   publisher = {EAGE},
   issue = {6},
   title = {{Elastic wave-vector decomposition in heterogeneous anisotropic media}},
   volume = {64},
   year = {2016},
}
@article{cheng16,
   author = {J[] Cheng and T[] Alkhalifah and Z[] Wu and P[] Zou and C[] Wang},
   journal = {Geophysics},
   issue = {02},
   pages = {T63-T77},
   publisher = {Society of Exploration Geophysics},
   title = {{Simulating propagation of decoupled elastic waves using low-rank approximate mixed-domain integral operators for anisotropic media}},
   volume = {81},
   year = {2016}
}
@article{mcdonal58,
   author = {F[] J[] McDonal and F[] A[] Angona and R[] L[] Mills and R[] L[] Sengbush and R[] G[] van Nostrand and J[] E[] White},
   journal = {Geophysics},
   pages = {421-439},
   publisher = {Society of Exploration Geophysics},
   title = {{Attenuation of shear and compressional waves in Pierre shale}},
   volume = {23},
   issue = {3},
   year = {1958}
}
@article{virieux86,
   author = {J[] Virieux},
   journal = {Geophysics},
   pages = {889-901},
   publisher = {Society of Exploration Geophysics},
   title = {{P-SV wave propagation in heterogeneous media: Velocity-stress finite-difference method}},
   volume = {51},
   issue ={4},
   year = {1986}
}

@article{virieux84,
   author = {J[] Virieux},
   journal = {Geophysics},
   pages = {1933-1957},
   publisher = {Society of Exploration Geophysics},
   title = {{SH-wave propagation in heterogeneous media: Velocity-stress finite-difference method}},
   volume = {49},
   issue = {11},
   year = {1984}
}
@article{long09,
   author = {G[] H[] Long and X[] F[] Li and M[] G[] Zhang},
   journal = {Chinese J. Geophys},
   pages = {214-221},
   title = {The application of staggered-grid fourier pseudospectral differentiation operator in wavefield modeling},
   volume = {52},
   issue = {1},
   year = {2009}
}

@article{thomsen86,
   author = {L[] Thomsen},
   journal = {Geophysics},
   volume = {51},
   issue = {10},
   pages={1954-1996},
   publisher = {Society of Exploration Geophysics},
   title = {{Weak elastic anisotropy}},
   year = {1986}
}
@article{alkhalifah00,
   author = {T[] Alkhalifah},
   journal = {Geophysics},
   volume = {60},
   issue = {4},
   pages={1239-1250},
   publisher = {Society of Exploration Geophysics},
   title = {{An acoustic wave equation for anisotropic media}},
   year = {2000}
}

@article{wenlong18,
   author = {W[] Wang and B[] Hua and G[] A[] McMechan and B[] Duquet},
   journal = {Geophysics},
   pages = {C13-C26},
   volume = {83},
   issue = {1},
   publisher = {Society of Exploration Geophysics},
   title = {{P and S decomposition in anisotropic media with localized low-rank approximations}},
   year = {2018}
}


@article{bao15,
   author = {B[] D[] Nguyen and G[] A[] McMechan},
   journal = {Geophysics},
   volume = {80},
   issue = {1},
   note={in press},
   publisher = {Society of Exploration Geophysics},
   title = {{Five ways to avoid storing source wavefield snapshots in 2D elastic prestack reverse-time migration}},
   year = {2015}
}
@article{komatitsch07,
   author = {D[] Komatitsch and R[] Martin},
   journal = {Geophysics},
   issue = {5},
   pages = {SM155-SM167},
   publisher = {Society of Exploration Geophysics},
   title = {An unsplit convolutional perfectly matched layer improved at grazing incidence for the seismic wave equation},
   volume = {72},
   year = {2007}
}
@article{mcmechan83,
   author = {G[] A[] McMechan},
   journal = {Geophysical Prospecting},
   pages = {413-420},
   publisher = {EAGE},
   issue = {3},
   title = {Migration by extrapolation of time-dependent boundary values},
   volume = {31},
   year = {1983}
}
@article{fomel13,
   author = {S[] Fomel and L[] Ying and X[] Song},
   journal = {Geophysical Prospecting},
   pages = {526-536},
   publisher = {EAGE},
   issue = {3},
   title = {Seismic wave extrapolation using lowrank symbol approximation},
   volume = {61},
   year = {2013}
}
@article{engquist09,
   author = {B[] Engquist and L[] Ying},
   journal = {Communications in Mathematical Sciences},
   pages = {327-345},
   title = {A fast directional algorithm for high frequency acoustic scattering in two dimensions},
   volume = {7},
   year = {2009}
}
@article{vadim10,
   author = {V[] Lisitsa and D[] Vishnevskiy},
   journal = {Geophysical Prospecting},
   pages = {619-635},
   publisher = {EAGE},
   title = {Lebedev scheme for the numerical simulation of wave propagation in 3D anisotropic elasticity},
   volume = {58},
   year = {2010}
}
@article{chang86,
   author = {W[] Chang and G[] A[] McMechan},
   journal = {Geophysics},
   issue = {01},
   pages = {67-84},
   publisher = {Society of Exploration Geophysics},
   title = {Reverse-time migration of offset vertical seismic profiling data using the excitation-time imaging condition},
   volume = {51},
   year = {1986}
}
@inproceedings{zhou06,
   author = {H[] Zhou and G[] Zhuang and R[] Bloor},
   booktitle = {Expanded Abstracts},
   pages = {194-198},
   publisher = {SEG},
   meeting={76th Annual International Meeting},
   title = {{An anisotropic acoustic wave equation for modeling and migration in 2D TTI media}},
   year = {2006}
}
@inproceedings{whitmore83,
   author = {D[] Whitmore},
   booktitle = {Expanded Abstracts},
   pages = {382-385},
   publisher = {SEG},
   meeting={53rd Annual International Meeting},
   title = {{Iterative depth migration by backward time propagation}},
   year = {1983}
}
@inproceedings{alkhalifah98,
   author = {T[] Alkhalifah},
   booktitle = {Expanded Abstracts},
   pages = {1913-1916},
   publisher = {SEG},
   meeting={68th Annual International Meeting},
   title = {{An acoustic wave equation for anisotropic media}},
   year = {1998}
}

@inproceedings{wang02,
   author = {Y[] Wang and R[] S[] Wu},
   booktitle = {Expanded Abstracts},
   pages = {1811-1814},
   publisher = {SEG},
   meeting={72nd  Annual International Meeting},
   title = {{Beamlet prestack depth migration using local cosine basis propagator}},
   year = {2002}
}

@inproceedings{wu97,
   author = {R[] S[] Wu and S[] Jin},
   booktitle = {Expanded Abstracts},
   pages = {1746-1749},
   publisher = {SEG},
   meeting={67th  Annual International Meeting},
   title = {{Windowed GSP (generalized screen propagators) migration applied to SEG-EAGE salt model data}},
   year = {1997}
}

@article{steinberg95,
   author = {B[] Z[] Steinberg and R[] Birman},
   journal = {Journal of the Acoustical Society of America},
   pages = {484-494},
   title = {Phase-space marching algorithm in the presence of a planar wave velocity discontinuity - A qualitative study},
   volume = {93},
   year = {1995}
}

@article{selesnick09,
   author = {L[] W[] Selesnick},
   journal = {Signal},
   issue = {1},
   pages = {2},
   title = {Short-time fourier transform and its inverse},
   volume = {10},
   year = {2009}
}
@article{princen86,
   author = {J[] P[] Princen and A[] B[] Bradley},
   journal = {IEEE Trans. Acoust. Speech Signal Processing},
   issue = {5},
   pages = {1153–1161},
   title = {{Analysis/synthesis filter bank design based on time domain aliasing cancellation}},
   volume = {34},
   year = {1986}
}

@article{malvar90,
   author = {H[] S[] Malvar},
   journal = {IEEE Trans. Acoust. Speech Signal Processing},
   issue = {6},
   pages = {969–978},
   title = {{Lapped Transforms for Efficient Transform/Subband Coding}},
   volume = {38},
   year = {1990}
}

@article{crochiere80,
   author = {R[] E[] Crochiere},
   journal = {IEEE Trans on ASSP},
   issue = {1},
   pages = {99-102},
   title = {A Weighted Overlap-Add Method of Short-Time Fourier Analysis/Synthesis},
   volume = {28},
   year = {1980}
}

@article{chattopadhyay08,
   author = {S[] Chattopadhyay and G[] A[] McMechan},
   journal = {Geophysics},
   issue = {3},
   pages = {S81-S89},
   publisher = {Society of Exploration Geophysics},
   title = {Imaging conditions for prestack reverse-time migration},
   volume = {73},
   year = {2008}
}
@article{yan09,
   author = {J[] Yan and P[] Sava},
   journal = {Geophysics},
   issue = {5},
   pages = {WB19-WB32},
   publisher = {Society of Exploration Geophysics},
   title = {{Elastic wave-mode separation for VTI media}},
   volume = {74},
   year = {2009}
}
@article{operto13,
   author = {S[] Operto and Y[] Gholami and V[] Prieux and A[] Ribodetti and R[] Brossier and L[] Metivier and J[] Virieux},
   journal = {The Leading Edge},
   issue = {9},
   pages = {1040-1054},
   publisher = {Society of Exploration Geophysics},
   title = {{A guided tour of multiparameter full-waveform inversion with multicomponent data: from theory to practice}},
   volume = {32},
   year = {2013}
}
@article{huang09,
   author = {T[] Huang and Y[] Zhang and H[] Zhang},
   journal = {The Leading Edge},
   issue = {4},
   pages = {448-452},
   publisher = {Society of Exploration Geophysics},
   title = {{Subsalt imaging using TTI reverse time migration}},
   volume = {28},
   year = {2009}
}
@article{zhang11,
   author = {Y[] Zhang and H[] Zhang and G[] Zhang},
   journal = {Geophysics},
   issue = {3},
   pages = {WA3-WA11},
   publisher = {Society of Exploration Geophysics},
   title = {{A stable TTI reverse time migration and its implementation}},
   volume = {76},
   year = {2011}
}
@article{ting16,
   author = {T[] Gong and B[] D[] Nguyen and G[] A[] McMechan},
   journal = {Geophysics},
   pages = {S239-S251},
   publisher = {Society of Exploration Geophysics},
   title = {{Polarized wavefield magnitudes with optical flow for elastic angle-domain common-image gathers}},
   volume = {81},
   issue = {4},
   year = {2016}
}
@article{wenlong15b,
   author = {W[] Wang and G[] A[] McMechan},
   journal = {Geophysics},
   pages = {S245-S258},
   publisher = {Society of Exploration Geophysics},
   title = {{Vector-based elastic reverse time migration}},
   volume = {80},
   issue = {6},
   year = {2015}
}
@article{wenlong15a,
   author = {W[] Wang and G[] A[] McMechan and Q[] Zhang},
   journal = {Geophysics},
   pages = {T147-T160},
   publisher = {Society of Exploration Geophysics},
   title = {{Comparison of two algorithms for isotropic elastic P and S vector decomposition}},
   volume = {80},
   issue = {4},
   year = {2015}
}
@article{baysal83,
   author = {E[] Baysal and D[] Kosloff and J[] W[] C[] Sherwood},
   journal = {Geophysics},
   issue = {11},
   pages = {1514-1524},
   publisher = {Society of Exploration Geophysics},
   title = {{Reverse time migration}},
   volume = {48},
   year = {1983}
}
@article{Fletcher09,
   author = {R[] P[] Fletcher and X[] Du and P[] J[] Fowler},
   journal = {Geophysics},
   pages = {WCA179-WCA187},
   publisher = {Society of Exploration Geophysics},
   title = {{Reverse-time migration in tilted transversely isotropic (TTI) media}},
   volume = {74},
   year = {2009}
}
@article{wang17,
   author = {T[] Wang and J[] Cheng},
   journal = {Geophysical Journal International},
   pages = {606-622},
   title = {{Elastic full waveform inversion based on mode decomposition: the approach and mechanism}},
   volume = {209},
   year = {2017}
}
@article{wang16,
   author = {C[] Wang and J[] Cheng and B[] Arntsen},
   journal = {Geophysics},
   issue = {5},
   pages = {S383-S398},
   publisher = {Society of Exploration Geophysics},
   title = {{Scalar and vector imaging based on wave mode decoupling for elastic reverse time migration in isotropic and transversely isotropic media}},
   volume = {81},
   year = {2016}
}
@article{fowler10,
   author = {P[] Fowler and X[] Xu and R[] P[] Fletcher},
   journal = {Geophysics},
   issue = {1},
   pages = {S11-S22},
   publisher = {Society of Exploration Geophysics},
   title = {{Coupled equations for reverse time migration in transversely isotropic media}},
   volume = {75},
   year = {2010}
}
@article{tang18,
   author = {C[] Tang and G[] A[] McMechan},
   journal = {Geophysics},
   issue = {1},
   pages = {S57-S79},
   publisher = {Society of Exploration Geophysics},
   title = {{Multidirection-vector-based elastic reverse-time migration and angle-domain common-image gather with approximate wavefield decomposition of P and S waves}},
   volume = {83},
   year = {2018}
}
@inproceedings{zhang08,
   author = {H[] Zhang and Y[] Zhang},
   booktitle = {Expanded Abstracts},
   pages = {2196-2200},
   publisher = {SEG},
   meeting={78th Annual International Meeting},
   title = {{Reverse time migration in 3D heterogeneous TTI media}},
   year = {2008}
}
@inproceedings{yan07,
   author = {J[] Yan and P[] Sava},
   booktitle = {Expanded Abstracts},
   pages = {2150-2154},
   publisher = {SEG},
   meeting={77th  Annual International Meeting},
   title = {{Elastic wavefield imaging with scalar and vector potentials}},
   year = {2007}
}
@inproceedings{yan08,
   author = {J[] Yan and P[] Sava},
   booktitle = {Expanded Abstracts},
   pages = {2191-2195},
   publisher = {SEG},
   meeting={78th  Annual International Meeting},
   title = {{Elastic wavefield separation for VTI media}},
   year = {2008}
}
@inproceedings{zhang07,
   author = {J[] Zhang and Z[] Tian and C[] Wang},
   booktitle = {Expanded Abstracts},
   pages = {2104-2109},
   publisher = {SEG},
   meeting={77th  Annual International Meeting},
   title = {{P- and S-wave separated elastic wave equation numerical modeling using 2D staggered-grid}},
   year = {2007}
}
@inproceedings{fletcher08,
   author = {R[] P[] Fletcher and X[] Du and P[] J[] Fowler},
   booktitle = {Expanded Abstracts},
   pages = {2082-2085},
   publisher = {SEG},
   meeting={78th  Annual International Meeting},
   title = {{A new pseudo-acoustic wave equation for TI media}},
   year = {2008}
}

@inproceedings{du08,
   author = {X[] Du and R[] Fletcher and P[] J[] Fowler},
   booktitle = {Extended Abstracts},
   meeting={70th Conference and Exhibition},
   pages = {H033},
   publisher = {EAGE},
   title = {{A new pseudo-acoustic wave equation for VTI media}},
   year = {2008}
}

@inproceedings{sun99,
   author = {R[] Sun},
   booktitle = {Extended Abstracts},
   meeting={61st Annual Meeting},
   pages = {paper 6-23},
   publisher = {EAGE},
   title = {{Separating P- and S-waves in a prestack 2-dimensional elastic seismogram}},
   year = {1999}
}
@inproceedings{hestholm07,
   author = {S[] Hestholm},
   booktitle = {Expanded Abstracts},
   meeting={77th Annual International Meeting},
   publisher = {SEG},
   pages = {139-143},
   title = {{Acoustic TVI modeling using high-order finite-differences}},
   year = {2007}
}
@inproceedings{klie01,
   author = {H[] Klie and W[] Toro},
   booktitle = {Expanded Abstracts},
   meeting={71st Annual International Meeting},
   publisher = {SEG},
   pages = {1171-1174},
   title = {{A new acoustic wave equation for modeling in anisotropic media}},
   year = {2001}
}
@inproceedings{duan16,
   author = {Y[] Duan and P[] Sava and A[] Guitton},
   booktitle = {Expanded Abstracts},
   meeting={86th Annual International Meeting},
   publisher = {SEG},
   pages = {4152-4157},
   title = {{Elastic least-squares reverse time migration}},
   year = {2016}
}
@inproceedings{wenlong16,
   author = {W[] Wang and G[] A[] McMechan},
   booktitle = {Expanded Abstracts},
   meeting={86th Annual International Meeting},
   publisher = {SEG},
   pages = {4168-4172},
   title = {{Vector-based image condition for 3D elastic reverse time migrations}},
   year = {2016}
}
@inproceedings{wenlong15,
   author = {W[] Wang and G[] A[] McMechan},
   booktitle = {Expanded Abstracts},
   meeting={85th Annual International Meeting},
   publisher = {SEG},
   pages = {2153-2158},
   title = {{Vector domain P and S decomposition in viscoelastic media}},
   year = {2015}
}
@article{sun06,
   author = {R[] Sun and G[] A[] McMechan and C[] S[] Lee and J[] Chow and C[] H[] Chen},
   journal = {Geophysics},
   issue = {5},
   pages = {S199-S207},
   publisher = {Society of Exploration Geophysics},
   title = {{Prestack scalar reverse-time depth migration of 3D elastic seismic data}},
   volume = {76},
   year = {2006}
}
@article{sun11,
   author = {R[] Sun and G[] A[] McMechan and H[] Chuang},
   journal = {Geophysics},
   issue = {3},
   pages = {S103-S113},
   publisher = {Society of Exploration Geophysics},
   title = {{Amplitude balancing in separating P- and S-waves in 2D and 3D elastic seismic data}},
   volume = {76},
   year = {2011}
}
@article{sun01_sn,
   author = {R[] Sun and J[] Chow and K[] J[] Chen},
   journal = {Geophysics},
   issue = {5},
   pages = {1515-1518},
   publisher = {Society of Exploration Geophysics},
   title = {{Phase correction in separating P- and S-waves in elastic data}},
   volume = {66},
   year = {2001}
}
@article{sun01,
   author = {R[] Sun and G[] A[] McMechan},
   journal = {Geophysics},
   issue = {05},
   pages = {1518-1527},
   publisher = {Society of Exploration Geophysics},
   title = {Scalar reverse-time depth migration of prestack elastic seismic data},
   volume = {66},
   year = {2001}
}
@article{mora87,
   author = {P[] Mora},
   journal = {Geophysics},
   issue = {09},
   pages = {1211-1228},
   publisher = {Society of Exploration Geophysics},
   title = {Nonlinear two-dimensional elastic inversion of multioffset seismic data},
   volume = {52},
   year = {1987}
}
@phdthesis{clayton81,
   author = {R[] W[] Clayton},
   school = {Stanford Univ},
   title = {Wavefield inversion methods for refraction and reflection data},
   year = {1981}
}
@Book{morse53,
   author = {P[] M[] Morse and H[] Feshbach},
   title = {Methods of theoretical physics},
   publisher = {McGraw-Hill Book Company},
   year = {1953}
}
@article{ma03,
   author = {D[] Ma and G[] Zhu},
   journal = {Oil Geophysical Prospecting},
   issue = {5},
   pages = {482-486},
   publisher = {China Academic Journal Electronic Publishing House},
   title = {{P- and S-wave separated elastic wave equation numerical modeling (in Chinese)}},
   volume = {38},
   year = {2003}
}
@article{nguyen13,
   author = {B[] Nguyen and G[] A[] McMechan},
   journal = {Geophysics},
   issue = {1},
   publisher = {Society of Exploration Geophysics},
   title = {Excitation amplitude imaging condition for prestack reverse-time migration},
   volume = {78},
   pages = {S37-S46},
   year = {2013}
}

@article{xiao10,
   author = {X[] Xiao and W[] S[] Leaney},
   journal = {Geophysics},
   issue = {2},
   pages = {S35-S49},
   publisher = {Society of Exploration Geophysics},
   title = {{Local vertical seismic profiling (VSP) elastic reverse-time migration and migration resolution: Salt-flank imaging with transmitted P-to-S waves}},
   volume = {75},
   year = {2010}
}
@Book{yves94,
   author = {Y[] Gu{\'e}guen and V[] Palciauskas},
   title = {Introduction to the physics of rocks},
   publisher = {Princeton University Press},
   year = {1994}
}
@Book{fehler11,
   author = {M[] Fehler and P[] J[] Keliher},
   title = {{SEAM Phase 1: Challenges of Subsalt Imaging in Tertiary Basins, with Emphasis on Deepwater Gulf of Mexico}},
   publisher = {SEG},
   year = {2011}
}

@Book{mavko98,
   author = {G[] Mavko and T[] Mukerji  and J[] Dvorkin},
   title = {The rock physics handbook: Tools for seismic analysis in porous media},
   publisher = {Cambridge University Press},
   year = {1998}
}
@Book{zener48,
   author = {C[] Zener},
   title = {Elasticity and Anelasticity of Metals},
   publisher = {University of Chicago Press},
   year = {1948}
}
@Book{aki80,
   author = {K[] Aki and P[] G[] Richards},
   title = {Quantitative seismology, theory and methods},
   publisher = {W. H. Freeman and Co},
   year = {1980}
}

@Book{bourbie87,
   author = {T[] Bourbie and O[] Coussy and B[] Zinzner},
   title = {Acoustic of porous media},
   publisher = {Gulf Publishing Company},
   year = {1987}
}
@article{grechka04,
   author = {V[] Grechka and L[] Zhang and J[] Rector},
   journal = {Geophysics},
   pages = {576-582},
   publisher = {Society of Exploration Geophysics},
   title = {Shear waves in acoustic anisotropic media},
   volume = {69},
   issue = {2},
   year = {2004}
}

@article{dellinger90,
   author = {J[] Dellinger and J[] Etgen},
   journal = {Geophysics},
   pages = {914-919},
   publisher = {Society of Exploration Geophysics},
   title = {Wave-field separation in two-dimensional anisotropic media},
   volume = {55},
   issue = {07},
   year = {1990}
}
@article{zhang10,
   author = {Q[] Zhang and G[] A[] McMechan},
   journal = {Geophysics},
   issue = {3},
   pages = {D13-D26},
   publisher = {Society of Exploration Geophysics},
   title = {{2D and 3D elastic wavefield vector decomposition in the wavenumber domain for VTI media}},
   volume = {75},
   year = {2010}
}
@article{carcione88b,
   author = {J[] M[] Carcione and D[] Kosloff and R[] Kosloff},
   journal = {Geophysics},
   pages = {769-777},
   publisher = {Society of Exploration Geophysics},
   title = {Viscoacoustic wave propagation simulation in the Earth},
   volume = {53},
   issue = {06},
   year = {1988}
}
@article{carcione88c,
   author = {J[] M[] Carcione and D[] Kosloff and R[] Kosloff},
   journal = {Geophysical Journal},
   pages = {597-611},
   title = {Wave propagation in a linear viscoelastic medium},
   volume = {95},
   year = {1988}
}
@article{carcione93,
   author = {J[] M[] Carcione},
   journal = {Geophysics},
   pages = {110-120},
   publisher = {Society of Exploration Geophysics},
   title = {Seismic modeling in viscoelastic media},
   volume = {58},
   issue = {01},
   year = {1993}
}
@article{liu76,
   author = {R[] Liu and D[] L[] Anderson and H[] Kanamori},
   journal = {Geophysical Journal of the Royal Astronomical Society},
   pages = {41-58},
   title = {Velocity dispersion due to anelasticity: implication for seismology and mantle composition},
   volume = {47},
   year = {1976}
}
@article{levander88,
   author = {A[] R[] Levander},
   journal = {Geophysics},
   pages = {1425-1436},
   publisher = {Society of Exploration Geophysics},
   title = {{Fourth-order finite-difference P-SV seismograms}},
   volume = {53},
   issue = {11},
   year = {1988}
}
@article{dablain86,
   author = {M[] A[] Dablain},
   journal = {Geophysics},
   pages = {127-139},
   publisher = {Society of Exploration Geophysics},
   title = {The application of high-order differencing to the scalar wave equation},
   volume = {51},
   issue = {01},
   year = {1986}
}
@article{emmerich87,
   author = {H[] Emmerich and M[] Korn},
   journal = {Geophysics},
   pages = {1252-1264},
   publisher = {Society of Exploration Geophysics},
   title = {Incorporation of attenuation into time-domain computations of seismic wave fields},
   volume = {52},
   issue = {09},
   year = {1987}
}
@article{xu95,
   author = {T[] Xu and G[] A[] McMechan},
   journal = {Geophysical Journal International},
   pages = {634-639},
   title = {Composite memory variables for viscoelastic synthetic seismograms},
   volume = {121},
   year = {1995}
}
